@article{henry2000static,
  title={A static stability index for low-topped convection},
  author={Henry, Norm L},
  journal={Weather and forecasting},
  volume={15},
  number={2},
  pages={246--254},
  year={2000}
}

@article{showalter1953stability,
	title={A stability index for thunderstorm forecasting},
	author={Showalter, Albert Kenneth},
	journal={Bull. Amer. Meteor. Soc},
	volume={34},
	number={6},
	pages={250--252},
	year={1953}
}


@article{davies2011global,
  title={Global water resources modeling with an integrated model of the social--economic--environmental system},
  author={Davies, Evan GR and Simonovic, Slobodan P},
  journal={Advances in water resources},
  volume={34},
  number={6},
  pages={684--700},
  year={2011},
  publisher={Elsevier}
}


@article{wulfmeyer2011convective,
	title={The Convective and Orographically-induced Precipitation Study (COPS): the scientific strategy, the field phase, and research highlights},
	author={Wulfmeyer, Volker and Behrendt, Andreas and Kottmeier, Christoph and Corsmeier, Ulrich and Barthlott, Christian and Craig, George C and Hagen, Martin and Althausen, Dietrich and Aoshima, Fumiko and Arpagaus, Marco and others},
	journal={Quarterly Journal of the Royal Meteorological Society},
	volume={137},
	number={S1},
	pages={3--30},
	year={2011},
	publisher={Wiley Online Library}
}


@article{wulfmeyer2015review,
	title={A review of the remote sensing of lower tropospheric thermodynamic profiles and its indispensable role for the understanding and the simulation of water and energy cycles},
	author={Wulfmeyer, Volker and Hardesty, R Michael and Turner, David D and Behrendt, Andreas and Cadeddu, Maria P and Di Girolamo, Paolo and Schl{\"u}ssel, Peter and Van Baelen, Jo{\"e}l and Zus, Florian},
	journal={Reviews of Geophysics},
	volume={53},
	number={3},
	pages={819--895},
	year={2015},
	publisher={Wiley Online Library}
}


@book{curry1998thermodynamics,
	title={Thermodynamics of atmospheres and oceans},
	author={Curry, Judith A and Webster, Peter J},
	volume={65},
	year={1998},
	publisher={Academic Press}
}


@article{Wang2014,
abstract = {这个比较有适用性},
author = {Wang, Wei},
file = {:home/mauricio/Descargas/Best Practices{\_}Considerations{\_}for{\_}Designing{\_}an{\_}Numerical{\_}Experiment.pdf:pdf},
mendeley-groups = {Articulo},
number = {July},
title = {{Considerations for Designing an Numerical Experiment}},
year = {2014}
}


@article{George1960,
  title={Weather Forecasting for Aeronautics},
  author={George},
  journal={Academic Press, New York},
  volume={673},
  year={1960}
}

@article{jefferson1963brief,
  title={Brief consideration of the application of the atmospheric instability index for the british isles to wider areas},
  author={Jefferson, GJ},
  journal={A MODIFIED INSTABILITY INDEX. G. J. JEFFERSON. METEOROLOGICAL MAGAZINE},
  volume={92},
  pages={92--96},
  year={1963}
}

@article{jefferson1963further,
  title={A further development of the instability index(Modification of instability index, for use with tephigrams, for prediction of thunderstorms)},
  author={Jefferson, GJ},
  journal={Meteorological Magazine},
  volume={92},
  pages={313--316},
  year={1963}
}

@article{adedokun1981potential,
  title={Potential instability and precipitation occurrence within an inter-tropical discontinuity environment},
  author={Adedokun, JA},
  journal={Archives for meteorology, geophysics, and bioclimatology, Series A},
  volume={30},
  number={1-2},
  pages={69--86},
  year={1981},
  publisher={Springer}
}

@article{adedokun1982instability,
  title={On an instability index relevant to precipitation forecasting in West Africa},
  author={Adedokun, JA},
  journal={Archives for meteorology, geophysics, and bioclimatology, Series A},
  volume={31},
  number={3},
  pages={221--230},
  year={1982},
  publisher={Springer}
}

@article{galway1956lifted,
  title={The lifted index as a predictor of latent instability},
  author={Galway, Joseph G},
  journal={Bull. Amer. Meteor. Soc},
  volume={37},
  number={10},
  pages={528--529},
  year={1956}
}


@article{darkow1968total,
  title={The total energy environment of severe storms},
  author={Darkow, Grant L},
  journal={Journal of Applied Meteorology},
  volume={7},
  number={2},
  pages={199--205},
  year={1968}
}

@inproceedings{david1971evaluation,
  title={An evaluation of seven stability indices as predictors of severe thunderstorms and tornadoes},
  author={David, Clarence L and Smith, John S},
  booktitle={Preprints. Seventh Conf. Severe Local Storms. Kansas City, Amer. Meteor. Soc},
  pages={105--109},
  year={1971}
}

@article{pickup1982consideration,
  title={A consideration of the effect of 500 mb cyclonicity on the success of some thunderstorm forecasting techniques},
  author={Pickup, MN},
  journal={Meteorological Magazine},
  volume={111},
  number={1317},
  pages={87--97},
  year={1982},
  publisher={METEOROLOGICAL OFFICE LONDON RD, BRACKNELL, BERKS, ENGLAND RG12 2SZ}
}

@article{bradbury1977use,
  title={The use of wet-bulb potential temperature charts},
  author={Bradbury, TAM},
  journal={Meteorological Magazine},
  volume={106},
  pages={233--251},
  year={1977}
}

@inproceedings{miller1971use,
  title={The use of computer products in severe weather forecasting (the SWEAT index)},
  author={Miller, Robert C and Bidner, A and Maddox, RA},
  booktitle={Preprints 7th Conf. Severe Local Storms},
  pages={1--6},
  year={1971}
}

@article{bidner1970air,
  title={The Air Force Global Weather Central severe weather threat (SWEAT) index-A preliminary report},
  author={Bidner, A},
  journal={Air Weather Service Aerospace Sciences Review, AWS RP},
  pages={105--2},
  year={1970}
}


@inproceedings{miller1975use,
  title={USE OF SWEAT AND SPOT INDEXES IN OPERATIONAL SEVERE STORM FORECASTING},
  author={Miller, RC and Maddox, RA},
  booktitle={BULLETIN OF THE AMERICAN METEOROLOGICAL SOCIETY},
  volume={56},
  number={7},
  pages={740--740},
  year={1975},
  organization={AMER METEOROLOGICAL SOC 45 BEACON ST, BOSTON, MA 02108-3693}
}


@article{reap1979automated,
  title={Automated 12--36 hour probability forecasts of thunderstorms and severe local storms},
  author={Reap, Ronald M and Foster, Donald S},
  journal={Journal of Applied Meteorology},
  volume={18},
  number={10},
  pages={1304--1315},
  year={1979}
}

@article{weisman1982dependence,
  title={The dependence of numerically simulated convective storms on vertical wind shear and buoyancy},
  author={Weisman, Morris L and Klemp, Joseph B},
  journal={Monthly Weather Review},
  volume={110},
  number={6},
  pages={504--520},
  year={1982}
}

@article{moncrieff1972propagation,
  title={The propagation and transfer properties of steady convective overturning in shear},
  author={Moncrieff, MW and Green, JSA},
  journal={Quarterly Journal of the Royal Meteorological Society},
  volume={98},
  number={416},
  pages={336--352},
  year={1972},
  publisher={Wiley Online Library}
}


@article{fujita1977spearhead,
  title={Spearhead echo and downburst in the crash of an airliner},
  author={Fujita, T Theodore and Byers, Horace R},
  journal={Monthly Weather Review},
  volume={105},
  number={2},
  pages={129--146},
  year={1977}
}


@article{caracena1988classifying,
  title={Classifying and forecasting microburst activity in the Denver, Colorado, area},
  author={Caracena, Fernando and Flueck, John A},
  journal={Journal of Aircraft},
  volume={25},
  number={6},
  pages={525--530},
  year={1988}
}

@article{pryor2000microburst,
  title={Microburst Windspeed Potential Assessment: Progress and Recent Developments},
  author={Pryor, Kenneth L},
  year={2000},
  publisher={Citeseer}
}


@article{derubertis2006recent,
  title={Recent trends in four common stability indices derived from US radiosonde observations},
  author={DeRubertis, Diana},
  journal={Journal of climate},
  volume={19},
  number={3},
  pages={309--323},
  year={2006}
}

@article{charba1979two,
  title={Two to six hour severe local storm probabilities: An operational forecasting system},
  author={Charba, Jerome P},
  journal={Monthly Weather Review},
  volume={107},
  number={3},
  pages={268--282},
  year={1979}
}


@inproceedings{reap1969objective,
  title={An objective quasi-lagrangian index for predicting convective weather outbreaks},
  author={Reap, RM and Alaka, MA},
  booktitle={Preprints. Sixth Conf. Severe Local Storms, Chicago, Amer. Meteor. Soc},
  pages={119--124},
  year={1969}
}

@inproceedings{reap1975new,
  title={New operational thunderstorms and severe storm probability forecasts based on model output statistics (MOS)},
  author={Reap, Ronald M and Foster, Donald S},
  booktitle={Preprints of 9th Conf. on Severe Local Storms. Am. Meteorol Soc, Boston, Massachusetts},
  pages={58--63},
  year={1975}
}


@techreport{peppler1988review,
	title={A review of static stability indices and related thermodynamic parameters},
	author={Peppler, Randy A},
	year={1988},
	institution={Illinois State Water Survey}
}

@inproceedings{david1971,
	title={An evaluation of seven stability indices as predictors of severe thunderstorms and tornadoes},
	author={David, Clarence L and Smith, John S},
	booktitle={Preprints. Seventh Conf. Severe Local Storms. Kansas City, Amer. Meteor. Soc},
	pages={105--109},
	year={1971}
}

@article{lowry1976,
	title={An operational model for forecasting probability of precipitation-PEATMOS PoP},
	author={Lowry, Dale A and Glahn, Harry R},
	journal={Monthly Weather Review},
	volume={104},
	number={3},
	pages={221--232},
	year={1976}
}


@inproceedings{reap1974,
	title={Thunderstorm and severe weather probabilities based on model output statistics},
	author={Reap, RM},
	booktitle={Conference on Weather Forecasting and Analysis, 5 th, St. Louis, Mo},
	pages={266--269},
	year={1974}
}


@article{kitzmiller1989,
	title={VAS retrievals as a source of information for convective weather forecasts: An objective assessment and comparison with other sources of upper-air observations},
	author={Kitzmiller, David H and McGovern, Wayne E},
	journal={Monthly Weather Review},
	volume={117},
	number={9},
	pages={2095--2110},
	year={1989}
}

@inproceedings{rodgers1984,
	title={Experiments in forecasting mesoscale convective weather systems},
	author={Rodgers, DM and Bartels, DL and Menard, RD and Arns, JH},
	booktitle={Conference on Weather Forecasting and Analysis, 10 th, Clearwater Beach, FL},
	pages={486--491},
	year={1984}
}

@article{saastamoinen72,
  title={Atmospheric correction for the troposphere and stratosphere in radio ranging satellites},
  author={Saastamoinen, J},
  journal={The use of artificial satellites for geodesy},
  pages={247--251},
  year={1972},
  publisher={Wiley Online Library}
}

@article{bevis92,
  title={GPS meteorology: Remote sensing of atmospheric water vapor using the Global Positioning System},
  author={Bevis, Michael and Businger, Steven and Herring, Thomas A and Rocken, Christian and Anthes, Richard A and Ware, Randolph H},
  journal={Journal of Geophysical Research: Atmospheres (1984--2012)},
  volume={97},
  number={D14},
  pages={15787--15801},
  year={1992},
  publisher={Wiley Online Library}
}

@article{bevis94,
  title={GPS meteorology: Mapping zenith wet delays onto precipitable water},
  author={Bevis, Michael and Businger, Steven and Chiswell, Steven and Herring, Thomas A and Anthes, Richard A and Rocken, Christian and Ware, Randolph H},
  journal={Journal of applied meteorology},
  volume={33},
  number={3},
  pages={379--386},
  year={1994}
}

@phdthesis{thessin05,
  title={Atmospheric signal delay affecting GPS measurements made by space vehicles during launch, orbit and reentry},
  author={Thessin, Rachel Neville},
  year={2005},
  school={Massachusetts Institute of Technology}
}

@MastersThesis{Herrera2015,
    author     =     {Laura Herrera},
    title     =     {Caracterizaci\'on de la Capa Límite Atmosf\'erica en el valle de Aburr\'a a partir de la informaci\'on de sensores remotos y radiosondeos},
    school     =     {Universidad Nacional de Colombia},
    year     =     {2015},
    }


@phdthesis{troller04,
  title={GPS based Determination of the Integrated and Spatially Distributed Water Vapor in the Troposphere},
  author={Troller, Marc Roland},
  year={2004},
  school={Swiss Federal Institute of Technology Zurich}
}

@phdthesis{ming14,
  title={Analysis and derivation of the spatial and temporal distribution of water vapor from GNSS observations},
  author={Ming Shangguan},
  year={2014},
  school={Technischen Universit{\"a}t Berlin}
}

@article{rocken93,
  title={Sensing atmospheric water vapor with the Global Positioning System},
  author={Rocken, Christian and Ware, Randolph and Van Hove, Teresa and Solheim, Fredrick and Alber, Chris and Johnson, James and Bevis, Mike and Businger, Steven},
  journal={Geophysical Research Letters},
  volume={20},
  number={23},
  pages={2631--2634},
  year={1993},
  publisher={Wiley Online Library}
}

%Introducción
@article{wang2012review,
	title={A review of global terrestrial evapotranspiration: Observation, modeling, climatology, and climatic variability},
	author={Wang, Kaicun and Dickinson, Robert E},
	journal={Reviews of Geophysics},
	volume={50},
	number={2},
	year={2012},
	publisher={Wiley Online Library}
}

@article{dessler2008feedback,
  title={Water-vapor climate feedback inferred from climate fluctuations, 2003--2008},
  author={Dessler, AE and Zhang, Z and Yang, P},
  journal={Geophysical Research Letters},
  volume={35},
  number={20},
  year={2008},
  publisher={Wiley Online Library}
}

@book{wallace2006atmospheric,
  title={Atmospheric science: an introductory survey},
  author={Wallace, John M and Hobbs, Peter V},
  volume={92},
  year={2006},
  publisher={Academic press}
}

@article{mastenbrook1968water,
  title={Water vapor distribution in the stratosphere and high troposphere},
  author={Mastenbrook, HJ},
  journal={Journal of the Atmospheric Sciences},
  volume={25},
  number={2},
  pages={299--311},
  year={1968}
}

@article{pahl2007social,
  title={Social learning and water resources management},
  author={Pahl-Wostl, Claudia and Craps, Marc and Dewulf, Art and Mostert, Erik and Tabara, David and Taillieu, Tharsi},
  journal={Ecology and society},
  volume={12},
  number={2},
  year={2007},
  publisher={The Resilience Alliance}
}


@article{pahl2008growing,
  title={The growing importance of social learning in water resources management and sustainability science},
  author={Pahl-Wostl, Claudia and Mostert, Erik and T{\`a}bara, David},
  journal={Ecology and Society},
  volume={13},
  number={1},
  year={2008},
  publisher={The Resilience Alliance}
}


@article{steinmann2006schistosomiasis,
  title={Schistosomiasis and water resources development: systematic review, meta-analysis, and estimates of people at risk},
  author={Steinmann, Peter and Keiser, Jennifer and Bos, Robert and Tanner, Marcel and Utzinger, J{\"u}rg},
  journal={The Lancet infectious diseases},
  volume={6},
  number={7},
  pages={411--425},
  year={2006},
  publisher={Elsevier}
}


@book{loucks2005water,
  title={Water resources systems planning and management: an introduction to methods, models and applications},
  author={Loucks, Daniel P and Van Beek, Eelco and Stedinger, Jery R and Dijkman, Jozef PM and Villars, Monique T},
  year={2005},
  publisher={Paris: Unesco}
}

@article{loucks2000sustainable,
  title={Sustainable water resources management},
  author={Loucks, Daniel P},
  journal={Water international},
  volume={25},
  number={1},
  pages={3--10},
  year={2000},
  publisher={Taylor \& Francis}
}



@article{soden1994evaluation,
  title={Evaluation of water vapor distribution in general circulation models using satellite observations},
  author={Soden, Brian J and Bretherton, Francis P},
  journal={Journal of Geophysical Research: Atmospheres},
  volume={99},
  number={D1},
  pages={1187--1210},
  year={1994},
  publisher={Wiley Online Library}
}

@article{trenberth2007estimates,
	title={Estimates of the global water budget and its annual cycle using observational and model data},
	author={Trenberth, Kevin E and Smith, Lesley and Qian, Taotao and Dai, Aiguo and Fasullo, John},
	journal={Journal of Hydrometeorology},
	volume={8},
	number={4},
	pages={758--769},
	year={2007}
}


@article{kiehl1997earth,
  title={Earth's annual global mean energy budget},
  author={Kiehl, Jeffrey T and Trenberth, Kevin E},
  journal={Bulletin of the American Meteorological Society},
  volume={78},
  number={2},
  pages={197--208},
  year={1997}
}

@article{karl2003modern,
  title={Modern Global Climate Change},
  author={Karl, Thomas R},
  journal={science},
  volume={1090228},
  number={1719},
  pages={302},
  year={2003}
}


@article{trenberth2009earth,
	title={Earth's global energy budget},
	author={Trenberth, Kevin E and Fasullo, John T and Kiehl, Jeffrey},
	journal={Bulletin of the American Meteorological Society},
	volume={90},
	number={3},
	pages={311},
	year={2009},
	publisher={American Meteorological Society}
}

@article{sherwood2010tropospheric,
	title={Tropospheric water vapor, convection, and climate},
	author={Sherwood, SC and Roca, R and Weckwerth, TM and Andronova, NG},
	journal={Reviews of Geophysics},
	volume={48},
	number={2},
	year={2010},
	publisher={Wiley Online Library}
}

@article{wulfmeyer2011convective,
	title={The Convective and Orographically-induced Precipitation Study (COPS): the scientific strategy, the field phase, and research highlights},
	author={Wulfmeyer, Volker and Behrendt, Andreas and Kottmeier, Christoph and Corsmeier, Ulrich and Barthlott, Christian and Craig, George C and Hagen, Martin and Althausen, Dietrich and Aoshima, Fumiko and Arpagaus, Marco and others},
	journal={Quarterly Journal of the Royal Meteorological Society},
	volume={137},
	number={S1},
	pages={3--30},
	year={2011},
	publisher={Wiley Online Library}
}


@article{wulfmeyer2015review,
	title={A review of the remote sensing of lower tropospheric thermodynamic profiles and its indispensable role for the understanding and the simulation of water and energy cycles},
	author={Wulfmeyer, Volker and Hardesty, R Michael and Turner, David D and Behrendt, Andreas and Cadeddu, Maria P and Di Girolamo, Paolo and Schl{\"u}ssel, Peter and Van Baelen, Jo{\"e}l and Zus, Florian},
	journal={Reviews of Geophysics},
	volume={53},
	number={3},
	pages={819--895},
	year={2015},
	publisher={Wiley Online Library}
}


@book{curry1998thermodynamics,
	title={Thermodynamics of atmospheres and oceans},
	author={Curry, Judith A and Webster, Peter J},
	volume={65},
	year={1998},
	publisher={Academic Press}
}

@article{skou2006microwave,
	title={Microwave Radiometer Systems, Design and Analysis},
	author={Skou, Niels and Le Vine, David},
	year={2006},
	publisher={Artech House}
}

@article{askne1983atmospheric,
	title={Atmospheric water-vapor profiling by ground-based radiometry at 22 and 183 GHz},
	author={Askne, Jan IH and Skoog, B Goran},
	journal={IEEE transactions on geoscience and remote sensing},
	number={3},
	pages={320--323},
	year={1983},
	publisher={IEEE}
}

@article{askne1986review,
	title={A review of ground-based remote sensing of temperature and moisture by passive microwave radiometers},
	author={Askne, Jan IH and Westwater, Ed R},
	journal={IEEE Transactions on Geoscience And Remote Sensing},
	number={3},
	pages={340--352},
	year={1986},
	publisher={IEEE}
}





@article{gao2003water,
	title={Water vapor retrievals using Moderate Resolution Imaging Spectroradiometer (MODIS) near-infrared channels},
	author={Gao, Bo-Cai and Kaufman, Yoram J},
	journal={Journal of Geophysical Research: Atmospheres},
	volume={108},
	number={D13},
	year={2003},
	publisher={Wiley Online Library}
}

@article{huang1992vertical,
	title={Vertical resolution and accuracy of atmospheric infrared sounding spectrometers},
	author={Huang, Hung-Lung and Smith, William L and Woolf, Harold M},
	journal={Journal of Applied Meteorology},
	volume={31},
	number={3},
	pages={265--274},
	year={1992}
}

@article{bennartz2001retrieval,
	title={Retrieval of columnar water vapour over land from backscattered solar radiation using the Medium Resolution Imaging Spectrometer},
	author={Bennartz, Ralf and Fischer, J{\"u}rgen},
	journal={Remote sensing of Environment},
	volume={78},
	number={3},
	pages={274--283},
	year={2001},
	publisher={Elsevier}
}

@article{schulz1993water,
	title={Water vapour in the atmospheric boundary layer over oceans from SSM/I measurements},
	author={Schulz, J and Schluessel, P and Grassl, H},
	journal={International Journal of Remote Sensing},
	volume={14},
	number={15},
	pages={2773--2789},
	year={1993},
	publisher={Taylor \& Francis}
}

@article{donlon2012global,
	title={The global monitoring for environment and security (GMES) sentinel-3 mission},
	author={Donlon, Craig and Berruti, B and Buongiorno, A and Ferreira, M-H and F{\'e}m{\'e}nias, P and Frerick, J and Goryl, P and Klein, U and Laur, H and Mavrocordatos, C and others},
	journal={Remote Sensing of Environment},
	volume={120},
	pages={37--57},
	year={2012},
	publisher={Elsevier}
}



@article{knuteson2004atmospheric-A,
	title={Atmospheric emitted radiance interferometer. Part I: Instrument design},
	author={Knuteson, RO and Revercomb, HE and Best, FA and Ciganovich, NC and Dedecker, RG and Dirkx, TP and Ellington, SC and Feltz, WF and Garcia, RK and Howell, HB and others},
	journal={Journal of Atmospheric and Oceanic Technology},
	volume={21},
	number={12},
	pages={1763--1776},
	year={2004}
}

@article{knuteson2004atmospheric-B,
	title={Atmospheric emitted radiance interferometer. Part II: Instrument performance},
	author={Knuteson, RO and Revercomb, HE and Best, FA and Ciganovich, NC and Dedecker, RG and Dirkx, TP and Ellington, SC and Feltz, WF and Garcia, RK and Howell, HB and others},
	journal={Journal of Atmospheric and Oceanic Technology},
	volume={21},
	number={12},
	pages={1777--1789},
	year={2004}
}


@inproceedings{cadeddu2006measurements,
	title={Measurements and retrievals from a new 183-GHz water vapor radiometer in the Arctic},
	author={Cadeddu, Maria P and Liljegren, James C and Pazmany, Andrew},
	booktitle={2006 IEEE MicroRad},
	pages={252--255},
	year={2006},
	organization={IEEE}
}

@article{cimini2009comparison,
	title={Comparison of ground-based millimeter-wave observations and simulations in the Arctic winter},
	author={Cimini, Domenico and Nasir, Francesco and Westwater, Ed R and Payne, Vivienne H and Turner, David D and Mlawer, Eli J and Exner, Michael L and Cadeddu, Maria P},
	journal={IEEE Transactions on Geoscience and Remote Sensing},
	volume={47},
	number={9},
	pages={3098--3106},
	year={2009},
	publisher={IEEE}
}


@inproceedings{fabry1997extraction,
	title={Extraction of near-surface index of refraction using radar phase measurements from ground targets},
	author={Fabry, Fr{\'e}d{\'e}ric and Frush, Chuck and Zawadzki, Isztar and Kilambi, Alamelu},
	booktitle={Antennas and Propagation Society International Symposium, 1997. IEEE., 1997 Digest},
	volume={4},
	pages={2625--2628},
	year={1997},
	organization={IEEE}
}

@article{bodine2011understanding,
	title={Understanding radar refractivity: Sources of uncertainty},
	author={Bodine, David and Michaud, Dan and Palmer, Robert D and Heinselman, Pamela L and Brotzge, Jerry and Gasperoni, Nick and Leng Cheong, Boon and Xue, Ming and Gao, Jidong},
	journal={Journal of Applied Meteorology and Climatology},
	volume={50},
	number={12},
	pages={2543--2560},
	year={2011}
}

@book{stull1988introduction,
	title={An Introduction to Boundary Layer Meteorology},
	author={Stull, Roland B},
	volume={13},
	year={1988},
	publisher={Springer Science \& Business Media}
}
